<record><leader>00000cas a2200000 a 4500</leader><controlfield tag="001">27263512</controlfield><controlfield tag="008">930115d196u1987cauwr ne      0    0eng c</controlfield><datafield ind1=" " ind2=" " tag="010"><subfield code="a">sn 92069916 </subfield></datafield><datafield ind1=" " ind2=" " tag="040"><subfield code="a">CNK</subfield><subfield code="b">eng</subfield><subfield code="c">CNK</subfield><subfield code="d">CNK</subfield><subfield code="d">OCLCQ</subfield><subfield code="d">OCLCF</subfield><subfield code="d">OCLCO</subfield></datafield><datafield ind1=" " ind2=" " tag="042"><subfield code="a">pcc</subfield></datafield><datafield ind1=" " ind2=" " tag="043"><subfield code="a">n-us-ca</subfield></datafield><datafield ind1="0" ind2="0" tag="245"><subfield code="a">Butterfield express and the Valley times.</subfield></datafield><datafield ind1="3" ind2=" " tag="246"><subfield code="a">Butterfield express Valley times</subfield></datafield><datafield ind1="1" ind2="3" tag="246"><subfield code="a">Butterfield express</subfield><subfield code="f">Apr. 19, 1972-Dec. 11, 1985</subfield></datafield><datafield ind1=" " ind2=" " tag="260"><subfield code="a">Sunnymead, Riverside County, Calif. :</subfield><subfield code="b">J.E. Lewis</subfield></datafield><datafield ind1=" " ind2=" " tag="300"><subfield code="a">v.</subfield></datafield><datafield ind1=" " ind2=" " tag="310"><subfield code="a">Weekly</subfield></datafield><datafield ind1="0" ind2=" " tag="362"><subfield code="a">-v. 35, no. 36 (Sept. 9, 1987).</subfield></datafield><datafield ind1=" " ind2=" " tag="500"><subfield code="a">"Serving San Jacinto Valley, Moreno Valley."</subfield></datafield><datafield ind1=" " ind2=" " tag="530"><subfield code="a">Master negatives are available for duplication from:</subfield><subfield code="b">California Newspaper Microfilm Archive;</subfield><subfield code="c">positive copies may be purchased by the reel; for further information consult the CNMA at:</subfield><subfield code="u">http://cbsr.ucr.edu</subfield></datafield><datafield ind1=" " ind2=" " tag="588"><subfield code="a">Description based on: Vol. 14, no. 22 (Mar. 2, 1966).</subfield></datafield><datafield ind1=" " ind2="0" tag="651"><subfield code="a">Riverside County (Calif.)</subfield><subfield code="v">Newspapers.</subfield></datafield><datafield ind1=" " ind2="7" tag="655"><subfield code="a">Newspapers.</subfield><subfield code="2">fast</subfield><subfield code="0">(OCoLC)fst01423814</subfield></datafield><datafield ind1=" " ind2="7" tag="651"><subfield code="a">California</subfield><subfield code="z">Riverside County.</subfield><subfield code="2">fast</subfield><subfield code="0">(OCoLC)fst01205486</subfield></datafield><datafield ind1=" " ind2=" " tag="752"><subfield code="a">United States</subfield><subfield code="b">California</subfield><subfield code="c">Riverside</subfield><subfield code="d">Moreno Valley.</subfield></datafield><datafield ind1="0" ind2="0" tag="785"><subfield code="t">Moreno Valley Butterfield express</subfield><subfield code="w">(DLC)sn 92069917</subfield></datafield></record>